<record><leader>00000cas a22000007a 4500</leader><controlfield tag="001">11416476</controlfield><controlfield tag="008">841123d18901895wiuwr ne      0    0eng d</controlfield><datafield ind1=" " ind2=" " tag="010"><subfield code="a">sn 84025587 </subfield></datafield><datafield ind1=" " ind2=" " tag="040"><subfield code="a">NPV</subfield><subfield code="b">eng</subfield><subfield code="c">NPV</subfield><subfield code="d">OCLCQ</subfield></datafield><datafield ind1=" " ind2=" " tag="042"><subfield code="a">msc</subfield></datafield><datafield ind1="0" ind2="0" tag="245"><subfield code="a">Genoa Junction journal.</subfield></datafield><datafield ind1=" " ind2=" " tag="260"><subfield code="a">Genoa Junction, Wis. :</subfield><subfield code="b">E.L. Spence,</subfield><subfield code="c">-1895.</subfield></datafield><datafield ind1=" " ind2=" " tag="300"><subfield code="a">v.</subfield></datafield><datafield ind1=" " ind2=" " tag="310"><subfield code="a">Weekly</subfield></datafield><datafield ind1="0" ind2=" " tag="362"><subfield code="a">-v. 5, no. 35 (Sept. 4, 1895).</subfield></datafield><datafield ind1="1" ind2=" " tag="362"><subfield code="a">Began in Dec. 1890.</subfield><subfield code="z">Cf. Oehlerts, d. Guide to Wis. newspapers.</subfield></datafield><datafield ind1=" " ind2=" " tag="588"><subfield code="a">Description based on: Vol. 5, no. 7 (Feb. 22, 1895).</subfield></datafield><datafield ind1=" " ind2=" " tag="752"><subfield code="a">United States</subfield><subfield code="b">Wisconsin</subfield><subfield code="c">Walworth</subfield><subfield code="d">Genoa Junction.</subfield></datafield><datafield ind1="0" ind2="4" tag="785"><subfield code="t">Lake Geneva news (Lake Geneva, Wis. : 1879)</subfield><subfield code="w">(DLC)sn 86072065</subfield></datafield></record>